@book{McGraw:1999:SJG:298616,
	author = {McGraw, Gary and Felten, Edward W.},
	title = {{Securing Java: Getting Down to Business with Mobile Code}},
	year = {1999},
	isbn = {0-471-31952-X},
	publisher = {John Wiley \& Sons, Inc.},
	address = {New York, NY, USA},
}

@techreport{Oh:2012:JavaExploitReport,
	author    = {Oh, Jeong Wook},
	title     = {{Recent Java exploitation trends and malware}},
	institution = {{Black Hat USA 2012 Las Vegas}},
	year      = {2012},
	month    = {jul},
}

@misc{Suenaga:2012:JavaVulnerability,
	author = {Suenaga, Masaki},
	title = {{An Examination of Java Vulnerability CVE-2012-1723}},
	month = jul,
	year = {2012},
	howpublished = {\url{http://www.symantec.com/connect/blogs/examination-java-vulnerability-cve-2012-1723}}
}

@article{poeplau2014execute,
	title={{Execute This! Analyzing Unsafe and Malicious Dynamic Code Loading in Android Applications}},
	author={Poeplau, Sebastian and Fratantonio, Yanick and Bianchi, Antonio and Kruegel, Christopher and Vigna, Giovanni},
	journal={{NDSS Symposium 2014}},
	year={2014},
	month=feb
}

@inproceedings{Tan:2008:ESS:1496711.1496736,
	author = {Tan, Gang and Croft, Jason},
	title = {An Empirical Security Study of the Native Code in the JDK},
	booktitle = {Proceedings of the 17th Conference on Security Symposium},
	series = {SS'08},
	year = {2008},
	location = {San Jose, CA},
	pages = {365--377},
	numpages = {13},
	url = {http://dl.acm.org/citation.cfm?id=1496711.1496736},
	acmid = {1496736},
	publisher = {USENIX Association},
	address = {Berkeley, CA, USA},
} 

